<?xml version="1.0" encoding="UTF-8" ?>
<collection xmlns:xsi="http://www.w3.org/2001/XMLSchema-instance"
    xsi:schemaLocation="http://www.loc.gov/MARC21/slim
        http://www.loc.gov/standards/marcxml/schema/MARC21slim.xsd"
    xmlns="http://www.loc.gov/MARC21/slim">
<record>
  <leader>00262cam a2200505 ia4500</leader>
  <controlfield tag="001">b12603867</controlfield>
  <controlfield tag="003">LeBAU</controlfield>
  <controlfield tag="005">20200612</controlfield>
  <controlfield tag="008">970825s1925    ua            ||0 0 ara d</controlfield>
  <datafield tag="035" ind1=" " ind2=" ">
    <subfield code="a">ocn784425613</subfield>
  </datafield>
  <datafield tag="040" ind1=" " ind2=" ">
    <subfield code="a">LEAUB</subfield>
    <subfield code="b">ara</subfield>
    <subfield code="e">rda</subfield>
    <subfield code="c">LEAUB</subfield>
    <subfield code="d">LEAUB</subfield>
  </datafield>
  <datafield tag="082" ind1="0" ind2="4">
    <subfield code="a">892.7109</subfield>
    <subfield code="2">23</subfield>
  </datafield>
  <datafield tag="100" ind1="0" ind2=" ">
    <subfield code="6">880-01</subfield>
    <subfield code="a">Abū al-Faraj al-Iṣbahānī,</subfield>
    <subfield code="d">897 or 898-967.</subfield>
    <subfield code="e">author.</subfield>
    <subfield code="0">http://id.loc.gov/authorities/names/n80065804 ,</subfield>
  </datafield>
  <datafield tag="240" ind1="1" ind2="0">
    <subfield code="6">880-02</subfield>
    <subfield code="a">Aghānī.</subfield>
    <subfield code="k">Selections.</subfield>
    <subfield code="f">1925</subfield>
  </datafield>
  <datafield tag="245" ind1="1" ind2="0">
    <subfield code="6">880-03</subfield>
    <subfield code="a">Muhadhdhab al-Aghānī /</subfield>
    <subfield code="c">ṣannafahu Muḥammad al-Khuḍarī, al-mufattish bi-Wizārat al-Maʻārif.</subfield>
  </datafield>
  <datafield tag="264" ind1=" " ind2="1">
    <subfield code="6">880-04</subfield>
    <subfield code="a">al-Qāhirah :</subfield>
    <subfield code="b">Maṭbaʻat Miṣr Sharikah Musāhimah Miṣrīyah,</subfield>
    <subfield code="c">1925.</subfield>
  </datafield>
  <datafield tag="300" ind1=" " ind2=" ">
    <subfield code="6">880-05</subfield>
    <subfield code="a">6 volumes ;</subfield>
    <subfield code="c">24 cm</subfield>
  </datafield>
  <datafield tag="336" ind1=" " ind2=" ">
    <subfield code="a">text</subfield>
    <subfield code="b">txt</subfield>
    <subfield code="2">rdacontent</subfield>
  </datafield>
  <datafield tag="337" ind1=" " ind2=" ">
    <subfield code="a">unmediated</subfield>
    <subfield code="b">n</subfield>
    <subfield code="2">rdamedia</subfield>
  </datafield>
  <datafield tag="338" ind1=" " ind2=" ">
    <subfield code="a">volume</subfield>
    <subfield code="b">nc</subfield>
    <subfield code="2">rdacarrier</subfield>
  </datafield>
  <datafield tag="500" ind1=" " ind2=" ">
    <subfield code="a">10 اجزاء ببليوغرافية في 6 اجزاء مادية.</subfield>
  </datafield>
  <datafield tag="505" ind1="0" ind2=" ">
    <subfield code="a">الجزء الأول والثاني. في الشعراء الجاهليين --الجزء الثالث والرابع والخامس والسادس. في الشعراء الإسلاميين --الجزء السابع والثامن. في الشعراء الإسلاميين والمحدثين --الجزء التاسع. في الشعراء العباسيين --الجزء العاشر. المغنون.</subfield>
  </datafield>
  <datafield tag="590" ind1=" " ind2=" ">
    <subfield code="a">في المكتبة: الاجزاء 1-9.</subfield>
  </datafield>
  <datafield tag="650" ind1=" " ind2="4">
    <subfield code="a">الادب العربي</subfield>
    <subfield code="x">تاريخ ونقد.</subfield>
  </datafield>
  <datafield tag="650" ind1=" " ind2="4">
    <subfield code="a">الشعراء العرب</subfield>
    <subfield code="v">تراجم.</subfield>
  </datafield>
  <datafield tag="650" ind1=" " ind2="4">
    <subfield code="a">المغنون العرب</subfield>
    <subfield code="v">تراجم.</subfield>
  </datafield>
  <datafield tag="650" ind1=" " ind2="0">
    <subfield code="a">Arabic literature</subfield>
    <subfield code="x">History and criticism.</subfield>
  </datafield>
  <datafield tag="650" ind1=" " ind2="0">
    <subfield code="a">Arab poets</subfield>
    <subfield code="v">Biography.</subfield>
  </datafield>
  <datafield tag="650" ind1=" " ind2="0">
    <subfield code="a">Singers, Arab</subfield>
    <subfield code="v">Biography.</subfield>
  </datafield>
  <datafield tag="787" ind1="0" ind2="8">
    <subfield code="6">880-06</subfield>
    <subfield code="i">has related work</subfield>
    <subfield code="4">http://rdaregistry.info/Elements/w/P10198 :</subfield>
    <subfield code="a">Abū al-Faraj al-Iṣbahānī, 897 or 898-967.</subfield>
    <subfield code="t">Muhadhdhab al-Aghānī.</subfield>
    <subfield code="d">Miṣr :</subfield>
    <subfield code="w">(LEAUB)b2592753x</subfield>
  </datafield>
  <datafield tag="852" ind1=" " ind2=" ">
    <subfield code="a">Jafet Library</subfield>
    <subfield code="e">American University of Beirut, Bliss Street , Beirut, Lebanon.</subfield>
  </datafield>
  <datafield tag="880" ind1="0" ind2=" ">
    <subfield code="6">100-01/(3/r</subfield>
    <subfield code="a">ابو الفرج الاصفهاني،</subfield>
    <subfield code="d">897 او 898-967،</subfield>
    <subfield code="0">http://id.loc.gov/authorities/names/n80065804 ,</subfield>
    <subfield code="e">مؤلف. </subfield>
    <subfield code="4">aut.</subfield>
  </datafield>
  <datafield tag="880" ind1="1" ind2="0">
    <subfield code="6">240-02/(3/r</subfield>
    <subfield code="a">الاغاني.</subfield>
    <subfield code="k">مختارات.</subfield>
    <subfield code="f">1925</subfield>
  </datafield>
  <datafield tag="880" ind1="1" ind2="0">
    <subfield code="6">245-03/(3/r</subfield>
    <subfield code="a">مهذب الاغاني /</subfield>
    <subfield code="c">صنفه محمد الخضري، المفتش بوزارة المعارف.</subfield>
  </datafield>
  <datafield tag="880" ind1=" " ind2="1">
    <subfield code="6">264-04/(3/r</subfield>
    <subfield code="a">القاهرة :</subfield>
    <subfield code="b">مطبعة مصر شركة مساهمة مصرية،</subfield>
    <subfield code="c">1925.</subfield>
  </datafield>
  <datafield tag="880" ind1=" " ind2=" ">
    <subfield code="6">300-05/(3/r</subfield>
    <subfield code="a">6 اجزاء ؛</subfield>
    <subfield code="c">24 سم</subfield>
  </datafield>
  <datafield tag="880" ind1="0" ind2="8">
    <subfield code="6">787-06/(3/r</subfield>
    <subfield code="i">مرتبط بعمل</subfield>
    <subfield code="4">http://rdaregistry.info/Elements/w/P10198 :</subfield>
    <subfield code="a">ابو الفرج الاصفهاني، 897 او 898-967.</subfield>
    <subfield code="t">مهذب الاغاني.</subfield>
    <subfield code="d">مصر : المطبعة التجارية الكبرى، [ما بين 1925 و 1959؟]</subfield>
    <subfield code="w">(LEAUB)b2592753x</subfield>
  </datafield>
  <datafield tag="907" ind1=" " ind2=" ">
    <subfield code="a">.b12603867</subfield>
    <subfield code="b">20-06-25</subfield>
    <subfield code="c">11-05-24</subfield>
  </datafield>
  <datafield tag="907" ind1=" " ind2=" ">
    <subfield code="a">.b12603867</subfield>
    <subfield code="b">15-10-15</subfield>
    <subfield code="c">11-05-24</subfield>
  </datafield>
  <datafield tag="945" ind1=" " ind2=" ">
    <subfield code="f">J</subfield>
    <subfield code="a">892.7109:A2195akhA:v.1-2</subfield>
    <subfield code="i">01046186</subfield>
    <subfield code="j">.i13120700</subfield>
    <subfield code="l">u0503</subfield>
  </datafield>
  <datafield tag="945" ind1=" " ind2=" ">
    <subfield code="f">J</subfield>
    <subfield code="a">892.7109:A2195akhA:v.3-4</subfield>
    <subfield code="i">01046187</subfield>
    <subfield code="j">.i13120712</subfield>
    <subfield code="l">u0503</subfield>
  </datafield>
  <datafield tag="945" ind1=" " ind2=" ">
    <subfield code="f">J</subfield>
    <subfield code="a">892.7109:A2195akhA:v.5-6</subfield>
    <subfield code="i">01046188</subfield>
    <subfield code="j">.i13120724</subfield>
    <subfield code="l">u0503</subfield>
  </datafield>
  <datafield tag="945" ind1=" " ind2=" ">
    <subfield code="f">J</subfield>
    <subfield code="a">892.7109:A2195akhA:v.7-8</subfield>
    <subfield code="i">01046189</subfield>
    <subfield code="j">.i13120736</subfield>
    <subfield code="l">u0503</subfield>
  </datafield>
  <datafield tag="945" ind1=" " ind2=" ">
    <subfield code="f">J</subfield>
    <subfield code="a">892.7109:A2195akhA:v.9</subfield>
    <subfield code="i">00289623</subfield>
    <subfield code="j">.i1312075x</subfield>
    <subfield code="l">u0503</subfield>
  </datafield>
  <datafield tag="998" ind1=" " ind2=" ">
    <subfield code="a">u05</subfield>
    <subfield code="b">97-08-25</subfield>
    <subfield code="c">m</subfield>
    <subfield code="d">a  </subfield>
    <subfield code="e">-</subfield>
    <subfield code="f">ara</subfield>
    <subfield code="g">ua </subfield>
    <subfield code="h">0</subfield>
    <subfield code="i">6</subfield>
  </datafield>
</record>
</collection>
